% This file was created with JabRef 2.6.
% Encoding: Cp1252

%%%%%%%%%%%%%%%%%%%%%%%%%%%%%%%%%%%%%%%%%%%%%%%%%%%%%%%%%%%%%%%%%%%%%%%
% BOOKS
%%%%%%%%%%%%%%%%%%%%%%%%%%%%%%%%%%%%%%%%%%%%%%%%%%%%%%%%%%%%%%%%%%%%%%%

%@book{semanticwebprimer,
%  title={{A semantic web primer}},
%  author={Antoniou, G. and Van Harmelen, F.},
%  isbn={0262012103},
%  year={2004},
%  publisher={The MIT Press}
%}